<record><leader>00000cas a22000007a 4500</leader><controlfield tag="001">10255807</controlfield><controlfield tag="008">831229d18721878njuwr ne      0    0eng d</controlfield><datafield ind1=" " ind2=" " tag="010"><subfield code="a">sn 83032330 </subfield></datafield><datafield ind1=" " ind2=" " tag="040"><subfield code="a">NPU</subfield><subfield code="b">eng</subfield><subfield code="c">NPU</subfield><subfield code="d">NPX</subfield><subfield code="d">NJW</subfield><subfield code="d">OCLCQ</subfield></datafield><datafield ind1=" " ind2=" " tag="042"><subfield code="a">msc</subfield></datafield><datafield ind1="0" ind2="4" tag="245"><subfield code="a">The Hammonton item.</subfield></datafield><datafield ind1=" " ind2=" " tag="260"><subfield code="a">Hammonton, N.J. :</subfield><subfield code="b">H.E. Bowles</subfield></datafield><datafield ind1=" " ind2=" " tag="300"><subfield code="a">v. ;</subfield><subfield code="c">52 cm.</subfield></datafield><datafield ind1=" " ind2=" " tag="310"><subfield code="a">Weekly</subfield></datafield><datafield ind1="1" ind2=" " tag="362"><subfield code="a">Began with Jan. 6, 1872 issue; ceased with Apr. 6, 1878 issue.</subfield></datafield><datafield ind1=" " ind2=" " tag="500"><subfield code="a">Publishers: Item Print. Co., &lt;1872&gt;; H.E. Bowles, M.D., &lt;1873&gt;-1878.</subfield></datafield><datafield ind1=" " ind2=" " tag="500"><subfield code="a">Editor: H.E. Bowles, M.D., 1872-1878.</subfield></datafield><datafield ind1=" " ind2=" " tag="500"><subfield code="a">Republican. Cf. Rowell, 1874.</subfield></datafield><datafield ind1=" " ind2=" " tag="580"><subfield code="a">Published from the office of: South-Jersey Republican, &lt;1873-1877&gt;.</subfield></datafield><datafield ind1=" " ind2=" " tag="588"><subfield code="a">Description based on: Vol. 1, no. 50 (Dec. 14, 1872).</subfield></datafield><datafield ind1=" " ind2=" " tag="752"><subfield code="a">United States</subfield><subfield code="b">New Jersey</subfield><subfield code="c">Atlantic</subfield><subfield code="d">Hammonton.</subfield></datafield><datafield ind1="1" ind2=" " tag="787"><subfield code="t">South-Jersey Republican</subfield><subfield code="w">(DLC)sn 84038722</subfield><subfield code="w">(OCoLC)11460048</subfield></datafield><datafield ind1="1" ind2=" " tag="029"><subfield code="a">AU@</subfield><subfield code="b">000025836666</subfield></datafield></record>